@article{awspcs:online,
    author = {},
    title = {What is AWS ParallelCluster - AWS ParallelCluster},
    url= {https://docs.aws.amazon.com/parallelcluster/latest/ug/what-is-aws-parallelcluster.html},
    month = {},
    year = {},
    journal = {NA},             
    note = {(Accessed on 09/27/2024)}
}

@article{HPCpricing:online,
    author = {},
    title = {HPC Workload Service – AWS Parallel Computing Service Pricing – AWS},
    url ={https://aws.amazon.com/pcs/pricing/},
    month = {},
    year = {},
    journal = {NA},
    note = {(Accessed on 09/28/2024)}
}

@misc{ec2ondemand:online,
    author = {},
    title = {EC2 On-Demand Instance Pricing – Amazon Web Services},
    url = {https://aws.amazon.com/ec2/pricing/on-demand/},
    month = {},
    year = {},
    journal = {NA},
    note = {(Accessed on 09/28/2024)}
}

@misc{spot-instance:online,
    author = {},
    title = {Savings from purchasing Spot Instances - Amazon Elastic Compute Cloud},
    url = {https://docs.aws.amazon.com/AWSEC2/latest/UserGuide/spot-savings.html},
    month = {},
    year = {},
    note = {(Accessed on 09/28/2024)}
}

@misc{spotSavings:online,
    author = {},
    title = {Savings from purchasing Spot Instances - Amazon Elastic Compute Cloud},
    url = {https://docs.aws.amazon.com/AWSEC2/latest/UserGuide/spot-savings.html},
    month = {},
    year = {},
    note = {(Accessed on 09/28/2024)}
}

@misc{CFD:online,
    author = {},
    title = {CFD simulation of aerodynamic forces on the DrivAer car model: Impact of computational parameters},
    url = {https://www.sciencedirect.com/science/article/pii/S0167610524000746},
    month = {},
    year = {},
    note = {(Accessed on 10/24/2024)}
}

@misc{awspcsblob1:online,
    author = {},
    title = {You told us we needed to re-think HPC in the cloud. So we did. | AWS HPC Blog},
    url = {https://aws.amazon.com/blogs/hpc/you-told-us-we-needed-to-re-think-hpc-in-the-cloud-so-we-did/},
    month = {},
    year = {},
    note = {(Accessed on 10/24/2024)}
}

@misc{awspcsstorage:online,
    author = {},
    title = {Using network file systems with AWS PCS - AWS PCS},
    url = {https://docs.aws.amazon.com/pcs/latest/userguide/working-with_file-systems.html},
    month = {},
    year = {},
    note = {(Accessed on 10/24/2024)}
}