
@article{cloudmesh-ee,
        author={von Laszewski, Gregor},
	title = {{cloudmesh-ee}},
	year = {2023},
	month = sep,
	note = {[Online; accessed 8. Sep. 2023] \url{https://github.com/cloudmesh/cloudmesh-ee}
}},
	url = {https://github.com/cloudmesh/cloudmesh-ee}
}
@misc{uva-ondemand,
	title = {{Open OnDemand {$\vert$} Research Computing}},
	year = {2023},
	month = sep,
	note = {[Online; accessed 6. Sep. 2023]},
	url = {https://www.rc.virginia.edu/userinfo/rivanna/ood/overview}
}

@misc{www-pep8,
	title = {{PEP 8 {\textendash} Style Guide for Python Code {$\vert$} peps.python.org}},
	year = {2023},
	month = sep,
	note = {[Online; accessed 6. Sep. 2023]},
	url = {https://peps.python.org/pep-0008}
}

@inproceedings{las-2023-escience,
 address = {Limassol, Cyprus},
 author = {von Laszewski, Gregor and J.P. Fleischer, J.P. and Fox, Geoffrey C. and Juri Papay and Sam Jackson and Jeyan Thiyagalingam},
 booktitle = {eScience'23},
 month = {October},
 organization = {Second Workshop on Reproducible Workflows, Data, and Security (ReWorDS 2022)},
 title = {Templated Hybrid Reusable Computational Analytics Workflow Management with Cloudmesh, Applied to the Deep Learning MLCommons Cloudmask Application},
 year = {2023}
}

@misc{energy-price,
	title = {{Average energy prices for the United States, regions, census divisions, and selected metropolitan areas : Midwest Information Office : U.S. Bureau of Labor Statistics}},
	year = {2020},
	month = dec,
	note = {[Online; accessed 2. Sep. 2023]},
	url = {https://www.bls.gov/regions/midwest/data/averageenergyprices_selectedareas_table.htm}
}

@article{greenhouse-calc,
	author = {Oar},
	title = {{Greenhouse Gas Equivalencies Calculator}},
	journal = {US EPA},
	year = {2023},
	month = jul,
	url = {https://www.epa.gov/energy/greenhouse-gas-equivalencies-calculator}
}


@inproceedings{las-22-mlcommons-science,
  address =       {Cham},
  author =        {Thiyagalingam, Jeyan and von Laszewski, Gregor and
                   Yin, Junqi and Emani, Murali and Papay, Juri and
                   Barrett, Gregg and Luszczek, Piotr and
                   Tsaris, Aristeidis and Kirkpatrick, Christine and
                   Wang, Feiyi and Gibbs, Tom and Vishwanath, Venkatram and
                   Shankar, Mallikarjun and Fox, Geoffrey and Hey, Tony},
  booktitle =     {High Performance Computing. ISC High Performance 2022
                   International Workshops},
  editor =        {Anzt, Hartwig and Bienz, Amanda and Luszczek, Piotr and
                   Baboulin, Marc},
  pages =         {47--64},
  publisher =     {Springer International Publishing},
  title =         {{AI Benchmarking for Science: Efforts from the
                   MLCommons Science Working Group}},
  year =          {2022},
  abstract =      {With machine learning (ML) becoming a transformative
                   tool for science, the scientific community needs a
                   clear catalogue of ML techniques, and their relative
                   benefits on various scientific problems, if they were
                   to make significant advances in science using AI.
                   Although this comes under the purview of
                   benchmarking, conventional benchmarking initiatives
                   are focused on performance, and as such, science,
                   often becomes a secondary criteria.},
  isbn =          {978-3-031-23220-6},
}

@article{dongarra1997top500,
  author =        {Dongarra, Jack J and Meuer, Hans W and
                   Strohmaier, Erich and others},
  journal =       {Supercomputer},
  pages =         {89--111},
  publisher =     {ASFRA BV},
  title =         {{TOP500 Supercomputer Sites}},
  volume =        {13},
  year =          {1997},
}

@article{www-top500,
  journal =       {Web page},
  key =           {Top500},
  note =          {\url{https://www.top500.org/} [Accessed April 13,
                   2023]},
  title =         {Homepage},
  year =          {2023},
}

@article{www-mlcommons,
  journal =       {Web page},
  key =           {MLCommons},
  month =         apr,
  note =          {\url{https://mlcommons.org/} [Accessed April 13,
                   2023]},
  title =         {{Machine learning innovation to benefit everyone}},
  year =          {2023},
  url =           {https://mlcommons.org/},
}

@article{mlperf-training,
  author =        {Mattson, Peter and Cheng, Christine and Coleman, Cody and
                   Diamos, Greg and Micikevicius, Paulius and
                   Patterson, David and Tang, Hanlin and Wei, Gu-Yeon and
                   Bailis, Peter and Bittorf, Victor and Brooks, David and
                   Chen, Dehao and Dutta, Debojyoti and Gupta, Udit and
                   Hazelwood, Kim and Hock, Andrew and Huang, Xinyuan and
                   Ike, Atsushi and Jia, Bill and Kang, Daniel and
                   Kanter, David and Kumar, Naveen and Liao, Jeffery and
                   Ma, Guokai and Narayanan, Deepak and Oguntebi, Tayo and
                   Pekhimenko, Gennady and Pentecost, Lillian and
                   Reddi, Vijay Janapa and Robie, Taylor and
                   John, Tom St. and Tabaru, Tsuguchika and
                   Wu, Carole-Jean and Xu, Lingjie and
                   Yamazaki, Masafumi and Young, Cliff and
                   Zaharia, Matei},
  journal =       {arXiv},
  publisher =     {arXiv},
  title =         {{MLPerf Training Benchmark}},
  year =          {2019},
  doi =           {10.48550/ARXIV.1910.01500},
  url =           {https://arxiv.org/abs/1910.01500},
}

@article{cosmoflow,
  author =        {Mathuriya, Amrita and Bard, Deborah and
                   Mendygral, Peter and Meadows, Lawrence and
                   Arnemann, James and Shao, Lei and He, Siyu and
                   Karna, Tuomas and Moise, Daina and
                   Pennycook, Simon J. and Maschoff, Kristyn and
                   Sewall, Jason and Kumar, Nalini and Ho, Shirley and
                   Ringenburg, Mike and {Prabhat} and Lee, Victor},
  journal =       {arXiv},
  publisher =     {arXiv},
  title =         {{CosmoFlow: Using Deep Learning to Learn the Universe
                   at Scale}},
  year =          {2018},
  doi =           {10.48550/ARXIV.1808.04728},
  url =           {https://arxiv.org/abs/1808.04728},
}

@article{software-carpentry,
  author =        {Greg Wilson and D. A. Aruliah and C. Titus Brown and
                   Neil P. Chue Hong and Matt Davis and Richard T. Guy and
                   Steven H. D. Haddock and Kathryn D. Huff and
                   Ian M. Mitchell and Mark D. Plumbley and Ben Waugh and
                   Ethan P. White and Paul Wilson},
  editor =        {Jonathan A. Eisen},
  journal =       {{PLoS} Biology},
  month =         {jan},
  number =        {1},
  pages =         {e1001745},
  publisher =     {Public Library of Science ({PLoS})},
  title =         {Best Practices for Scientific Computing},
  volume =        {12},
  year =          {2014},
  doi =           {10.1371/journal.pbio.1001745},
  url =           {https://doi.org/10.1371%2Fjournal.pbio.1001745},
}

@article{www-slurm,
  journal =       {Web page},
  key =           {SLURM},
  month =         apr,
  note =          {\url{https://slurm.schedmd.com} [Accessed April 13,
                   2023]},
  title =         {Homepage},
  year =          {2003},
}

@article{las-2022-mdpi-crypto,
  author =        {Fleischer, Jacques Phillipe and von Laszewski, Gregor and
                   Theran, Carlos and Parra Bautista, Yohn Jairo},
  journal =       {Algorithms},
  number =        {7},
  title =         {Time Series Analysis of Cryptocurrency Prices Using
                   Long Short-Term Memory},
  volume =        {15},
  year =          {2022},
  doi =           {10.3390/a15070230},
  issn =          {1999-4893},
  url =           {https://www.mdpi.com/1999-4893/15/7/230},
}

@article{nash-79,
  author =        {J.E. Nash and J.V. Sutcliffe},
  journal =       {Journal of Hydrology},
  number =        {3},
  pages =         {282-290},
  title =         {{River Flow Forecasting Through Conceptual Models
                   Part I -- A Discussion of Principles}},
  volume =        {10},
  year =          {1970},
  issn =          {0022-1694},
}

@article{fox2022-jm,
  author =        {Fox, Geoffrey and Rundle, John and Donnellan, Andrea and
                   Feng, Bo},
  journal =       {Geohazards},
  month =         apr,
  number =        {2},
  pages =         {199},
  publisher =     {MDPI},
  title =         {{Earthquake Nowcasting with Deep Learning}},
  volume =        {3},
  year =          {2022},
}

@article{TFT-21,
  author =        {Bryan Lim and Sercan {\"O}. Ar{\i}k and Nicolas Loeff and
                   Tomas Pfister},
  journal =       {International Journal of Forecasting},
  number =        {4},
  pages =         {1748-1764},
  title =         {Temporal Fusion Transformers for interpretable
                   multi-horizon time series forecasting},
  volume =        {37},
  year =          {2021},
}

@article{eq-code,
  author =        {Fox, Geoffrey C and von Laszewski, Gregor and
                   Robert Knuuti and Thomas Butler and Jake Kolesar},
  journal =       {GitHub},
  month =         apr,
  note =
  {\url{https://github.com/laszewsk/mlcommons/tree/main/benchmarks/earthquake}
  [Accessed April 13, 2023]},
  title =         {{MLCommons Science Benchmark Earthquake Code}},
  year =          {2023},
  url =           {https://github.com/laszewsk/mlcommons/tree/main/benchmarks/
                  earthquake},
}

@misc{eq-data,
  journal =       {GitHub},
  key =           {von Laszewski, Gregor},
  month =         apr,
  note =
  {\url{https://github.com/laszewsk/mlcommons-data-earthquake} [Accessed April
  13, 2023]},
  title =         {{MLCommons Earthquake Data}},
  year =          {2023},
  url =           {https://github.com/laszewsk/mlcommons-data-earthquake},
}

@misc{www-papermill,
    author = {The nteract team},
	title = {{Home - papermill 2.4.0 documentation}},
	year = {2023},
	month = jun,
	note = {[Online; accessed 2. Oct. 2023]},
	url = {https://papermill.readthedocs.io/en/latest}
}

@inproceedings{las-infogram,
  author =        {von Laszewski, Gregor and Gawor, J. and Pena, C.J. and
                   Foster, I.},
  booktitle =     {Proceedings 11th IEEE International Symposium on High
                   Performance Distributed Computing},
  pages =         {333-342},
  title =         {{InfoGram: a grid service that supports both
                   information queries and job execution}},
  year =          {2002},
  doi =           {10.1109/HPDC.2002.1029933},
}

@techreport{las-workflow,
  address =       {Argonne, IL},
  author =        {von Laszewski, Gregor},
  institution =   {Argonne National Laboratory},
  note =
  {\url{https://www.mcs.anl.gov/uploads/cels/papers/P1259.pdf}},
  number =        {P1259},
  title =         {{Java CoG Kit Workflow Concepts for Scientific
                   Experiments}},
  year =          {2005},
  url =           {https://www.mcs.anl.gov/uploads/cels/papers/P1259.pdf},
}

@inbook{las07-workflow,
  address =       {London},
  author =        {von Laszewski, Gregor and Hategan, Mihael and
                   Kodeboyina, Deepti},
  booktitle =     {Workflows for e-Science: Scientific Workflows for
                   Grids},
  editor =        {Taylor, Ian J. and Deelman, Ewa and Gannon, Dennis B. and
                   Shields, Matthew},
  pages =         {340--356},
  publisher =     {Springer London},
  title =         {Java CoG Kit Workflow},
  year =          {2007},
  abstract =      {In order to satisfy the need for sophisticated
                   experiment and simulation management solutions for
                   the scientific user community, various frameworks
                   must be provided. Such frameworks include APIs,
                   services, templates, patterns, GUIs, command-line
                   tools, and workflow systems that are specifically
                   addressed towards the goal of assisting in the
                   complex process of experiment and simulation
                   management. Workflow by itself is just one of the
                   ingredients for a successful experiment and
                   simulation management tool.},
  doi =           {10.1007/978-1-84628-757-2_21},
  isbn =          {978-1-84628-757-2},
  url =           {https://doi.org/10.1007/978-1-84628-757-2_21},
}

@techreport{las-22-arxiv-workflow-cc,
  author =        {von Laszewski, Gregor and Fleischer, J. P. and
                   Fox, Geoffrey C.},
  institution =   {arXiv},
  month =         oct,
  title =         {Hybrid Reusable Computational Analytics Workflow
                   Management with Cloudmesh},
  year =          {2022},
  doi =           {10.48550/ARXIV.2210.16941},
  url =           {https://arxiv.org/abs/2210.16941},
}

@article{cloudmesh-stopwatch,
  author =        {von Laszewski, Gregor},
  journal =       {GitHub},
  month =         may,
  note =
  {\url{https://github.com/cloudmesh/cloudmesh-common/blob/main/cloudmesh/common/StopWatch.py}
  [Accessed April 13, 2023]},
  title =         {{Cloudmesh Common StopWatch}},
  year =          {2022},
  url =           {https://github.com/cloudmesh/cloudmesh-common/blob/main/
                  cloudmesh/common/StopWatch.py},
}

@article{cloudmesh-gpu,
  author =        {von Laszewski, Gregor},
  journal =       {GitHub},
  month =         {May},
  note =          {\url{https://github.com/cloudmesh/cloudmesh-gpu}
                   [Accessed April 13, 2023]},
  title =         {{Cloudmesh GPU Monitor}},
  year =          {2022},
  url =           {https://github.com/cloudmesh/cloudmesh-gpu},
}

@article{www-rivanna,
  author =        {{Univerity of Virginia Research Computing}},
  journal =       {Web Page},
  month =         apr,
  note =
  {\url{https://www.rc.virginia.edu/userinfo/rivanna/overview} [Accessed April
  13, 2023]},
  title =         {{Rivanna}},
  year =          {2023},
  url =           {https://www.rc.virginia.edu/userinfo/rivanna/overview},
}

@article{google-colab,
  author =        {{Google Colaboratory}},
  journal =       {Web Page},
  month =         apr,
  note =          {Web page
                       \url{https://research.google.com/colaboratory/faq.html}
  [Accessed April 13, 2023]},
  publisher =     {Google},
  title =         {{Google Colab FAQ}},
  year =          {2023},
  url =           {https://research.google.com/colaboratory/faq.html},
}

@article{green500,
	author = {Feng, Wu-chun and Cameron, Kirk},
	title = {The Green500 List: Encouraging Sustainable Supercomputing},
	year = {2007},
	publisher = {IEEE Computer Society Press},
	address = {Washington, DC, USA},
	volume = {40},
	number = {12},
	issn = {0018-9162},
	url = {https://doi.org/10.1109/MC.2007.445},
	doi = {10.1109/MC.2007.445},
	journal = {Computer},
	month = {dec},
	pages = {50–55}
}


@inbook{fincher_robins_2019, 
    author={Fincher, Sally A. and Robins, Anthony V.},
    place={Cambridge}, 
    series={Cambridge Handbooks in Psychology}, 
    title={Systems Software and Technology}, 
    booktitle={The Cambridge Handbook of Computing Education Research}, 
    publisher={Cambridge University Press}, 
    year={2019}, 
    pages={637–706}, 
    collection={Cambridge Handbooks in Psychology}
}

@article{tan_chen,
      title={Visual Studio Code in Introductory Computer Science Course: An Experience Report}, 
      author={Jialiang Tan and Yu Chen and Shuyin Jiao},
      year={2023},
      eprint={2303.10174},
      archivePrefix={arXiv},
      primaryClass={cs.HC}
}

@inproceedings{Kovtaniuk2022,
  doi = {10.30525/978-9934-26-277-7-108},
  url = {https://doi.org/10.30525/978-9934-26-277-7-108},
  year = {2022},
  publisher = {Baltija Publishing},
  author = {M. S. Kovtaniuk},
  title = {Online compiler {\guillemotleft}Replit{\guillemotright} usage during the study of the programming discipline},
  booktitle = {{INFORMATION} {TECHNOLOGIES} {AND} {MANAGEMENT} {IN} {HIGHER} {EDUCATION} {AND} {SCIENCES}. {PART} 2}
}

@article{konigstorfer,
    title = {AI Documentation: A path to accountability},
    journal = {Journal of Responsible Technology},
    volume = {11},
    pages = {100043},
    year = {2022},
    issn = {2666-6596},
    doi = {https://doi.org/10.1016/j.jrt.2022.100043},
    url = {https://www.sciencedirect.com/science/article/pii/S2666659622000208},
    author = {Florian Königstorfer and Stefan Thalmann},
    keywords = {Artificial Intelligence, Documentation, IT adoption, IT audit}
}

@article{emacs-reference,
	title = {{GNU Emacs Reference Cards - GNU Project - Free Software Foundation}},
	year = {2023},
	month = jul,
	note = {[Online; accessed 25. Jul. 2023]},
	url = {https://www.gnu.org/software/emacs/refcards}
}

@article{norem,
    author = {Josh Norem},
	title = {{Windows 11 Gains Market Share but Windows 10 Still Leads by a Mile}},
	journal = {ExtremeTech},
	year = {2023},
	month = feb,
	note = {[Online; accessed 25. Jul. 2023]},
	url = {https://www.extremetech.com/computing/342819-windows-11-gains-market-share-but-windows-10-still-leads-by-a-mile}
}

@article{wilson,
    doi = {10.1371/journal.pbio.1001745},
    author = {Wilson, Greg AND Aruliah, D. A. AND Brown, C. Titus AND Chue Hong, Neil P. AND Davis, Matt AND Guy, Richard T. AND Haddock, Steven H. D. AND Huff, Kathryn D. AND Mitchell, Ian M. AND Plumbley, Mark D. AND Waugh, Ben AND White, Ethan P. AND Wilson, Paul},
    journal = {PLOS Biology},
    publisher = {Public Library of Science},
    title = {Best Practices for Scientific Computing},
    year = {2014},
    month = {01},
    volume = {12},
    url = {https://doi.org/10.1371/journal.pbio.1001745},
    pages = {1-7},
    abstract = {We describe a set of best practices for scientific software development, based on research and experience, that will improve scientists' productivity and the reliability of their software.},
    number = {1},

}

@article{ivie,
    author = {Ivie, Peter and Thain, Douglas},
    title = {Reproducibility in Scientific Computing},
    year = {2018},
    issue_date = {May 2019},
    publisher = {Association for Computing Machinery},
    address = {New York, NY, USA},
    volume = {51},
    number = {3},
    issn = {0360-0300},
    url = {https://doi.org/10.1145/3186266},
    doi = {10.1145/3186266},
    journal = {ACM Comput. Surv.},
    month = {jul},
    articleno = {63},
    numpages = {36},
    keywords = {computational science, replicability, workflow, workflows, reproducible, scientific computing, scientific workflow, scientific workflows, Reproducibility}
}

@article{leveque,
  title={Reproducible research for scientific computing: Tools and strategies for changing the culture},
  author={LeVeque, Randall J and Mitchell, Ian M and Stodden, Victoria},
  journal={Computing in Science \& Engineering},
  volume={14},
  number={04},
  pages={13--17},
  year={2012},
  publisher={IEEE Computer Society}
}

@article{bailey,
  title={Facilitating reproducibility in scientific computing: Principles and practice},
  author={Bailey, David H and Borwein, Jonathan M and Stodden, Victoria},
  journal={Reproducibility: Principles, Problems, Practices, and Prospects},
  pages={205--231},
  year={2016},
  publisher={Wiley Online Library}
}

@inproceedings{reddi,
    author = {Janapa Reddi, Vijay and Kanter, David and Mattson, Peter and Duke, Jared and Nguyen, Thai and Chukka, Ramesh and Shiring, Ken and Tan, Koan-Sin and Charlebois, Mark and Chou, William and El-Khamy, Mostafa and Hong, Jungwook and St John, Tom and Trinh, Cindy and Buch, Michael and Mazumder, Mark and Markovic, Relja and Atta, Thomas and Cakir, Fatih and Charkhabi, Masoud and Chen, Xiaodong and Chiang, Cheng-Ming and Dexter, Dave and Heo, Terry and Schmuelling, Guenther and Shabani, Maryam and Zika, Dylan},
    booktitle = {Proceedings of Machine Learning and Systems},
    editor = {D. Marculescu and Y. Chi and C. Wu},
    pages = {352--369},
    title = {MLPerf Mobile Inference Benchmark: An Industry-Standard Open-Source Machine Learning Benchmark for On-Device AI},
    url = {https://proceedings.mlsys.org/paper_files/paper/2022/file/a2b2702ea7e682c5ea2c20e8f71efb0c-Paper.pdf},
    volume = {4},
    year = {2022}
}

@article{mitra,
    title={Singularity containers improve reproducibility and ease of use in computational image analysis workflows},
    author={Mitra-Behura, Shilpita and Fiolka, Reto Paul and Daetwyler, Stephan},
    journal={Frontiers in Bioinformatics},
    volume={1},
    pages={757291},
    year={2022},
    publisher={Frontiers}
}

@article{beroza,
  title={Machine learning and earthquake forecasting—next steps},
  author={Beroza, Gregory C and Segou, Margarita and Mostafa Mousavi, S},
  journal={Nature communications},
  volume={12},
  number={1},
  pages={4761},
  year={2021},
  publisher={Nature Publishing Group UK London}
}

@article{johnson,
author = {Paul A. Johnson  and Bertrand Rouet-Leduc  and Laura J. Pyrak-Nolte  and Gregory C. Beroza  and Chris J. Marone  and Claudia Hulbert  and Addison Howard  and Philipp Singer  and Dmitry Gordeev  and Dimosthenis Karaflos  and Corey J. Levinson  and Pascal Pfeiffer  and Kin Ming Puk  and Walter Reade },
title = {Laboratory earthquake forecasting: A machine learning competition},
journal = {Proceedings of the National Academy of Sciences},
volume = {118},
number = {5},
pages = {e2011362118},
year = {2021},
doi = {10.1073/pnas.2011362118},
URL = {https://www.pnas.org/doi/abs/10.1073/pnas.2011362118},
eprint = {https://www.pnas.org/doi/pdf/10.1073/pnas.2011362118},
}

@inproceedings{giacomazzi,
    author = {Giacomazzi, Elena and Haag, Felix and Hopf, Konstantin},
    title = {Short-Term Electricity Load Forecasting Using the Temporal Fusion Transformer: Effect of Grid Hierarchies and Data Sources},
    year = {2023},
    isbn = {9798400700323},
    publisher = {Association for Computing Machinery},
    address = {New York, NY, USA},
    url = {https://doi.org/10.1145/3575813.3597345},
    doi = {10.1145/3575813.3597345},
    booktitle = {Proceedings of the 14th ACM International Conference on Future Energy Systems},
    pages = {353–360},
    numpages = {8},
    keywords = {Temporal Fusion Transformer (TFT), Short-Term Load Forecasting, Artificial Neural Networks, Long-Term Short-Term Memory (LSTM)},
    location = {Orlando, FL, USA},
    series = {e-Energy '23}
}

@article{romano,
    author = {Romano, Joseph D and Le, Trang T and La Cava, William and Gregg, John T and Goldberg, Daniel J and Chakraborty, Praneel and Ray, Natasha L and Himmelstein, Daniel and Fu, Weixuan and Moore, Jason H},
    title = "{PMLB v1.0: an open-source dataset collection for benchmarking machine learning methods}",
    journal = {Bioinformatics},
    volume = {38},
    number = {3},
    pages = {878-880},
    year = {2021},
    month = {10},
    issn = {1367-4803},
    doi = {10.1093/bioinformatics/btab727},
    url = {https://doi.org/10.1093/bioinformatics/btab727},
    eprint = {https://academic.oup.com/bioinformatics/article-pdf/38/3/878/49007845/btab727.pdf},
}

@inproceedings{tovar,
  title={Harnessing HPC resources for CMS jobs using a Virtual Private Network},
  author={Tovar, Benjamin and Bockelman, Brian and Hildreth, Michael and Lannon, Kevin and Thain, Douglas},
  booktitle={EPJ Web of Conferences},
  volume={251},
  pages={02032},
  year={2021},
  organization={EDP Sciences}
}

@article{raibulet,
  title={Collaborative and teamwork software development in an undergraduate software engineering course},
  author={Raibulet, Claudia and Fontana, Francesca Arcelli},
  journal={Journal of Systems and Software},
  volume={144},
  pages={409--422},
  year={2018},
  publisher={Elsevier}
}

@INPROCEEDINGS{zeidmane,
  author={Zeidmane, Anda and Cernajeva, Sarmite},
  booktitle={2011 IEEE Global Engineering Education Conference (EDUCON)}, 
  title={Interdisciplinary approach in engineering education}, 
  year={2011},
  volume={},
  number={},
  pages={1096-1101},
  doi={10.1109/EDUCON.2011.5773284}
}

@INPROCEEDINGS{claesen,
    title={Hyperparameter search in machine learning},
    booktitle={MIC 2015: The XI Metaheuristics International Conference in Agadir, Morocco},
    author={Claesen, Marc and De Moor, Bart},
    journal={arXiv preprint arXiv:1502.02127},
    year={2015}
}

@article{shapiro,
  title={How machine learning impacts the undergraduate computing curriculum},
  author={Shapiro, R Benjamin and Fiebrink, Rebecca and Norvig, Peter},
  journal={Communications of the ACM},
  volume={61},
  number={11},
  pages={27--29},
  year={2018},
  publisher={ACM New York, NY, USA}
}

@inproceedings{zou,
  title={EasyHPC: An online programming platform for learning high performance computing},
  author={Zou, Zhepeng and Zhang, Yuxiao and Li, Jiang and Hei, Xiaojun and Du, Yunfei and Wu, Di},
  booktitle={2017 IEEE 6th International Conference on Teaching, Assessment, and Learning for Engineering (TALE)},
  pages={432--435},
  year={2017},
  organization={IEEE}
}

@article{partee2022using,
  title={Using machine learning at scale in numerical simulations with {SmartSim}: An application to ocean climate modeling},
  author={Partee, Sam and Ellis, Matthew and Rigazzi, Alessandro and Shao, Andrew E and Bachman, Scott and Marques, Gustavo and Robbins, Benjamin},
  journal={Journal of Computational Science},
  volume={62},
  pages={101707},
  year={2022},
  publisher={Elsevier}
}

@inproceedings{boyer2022scalable,
  title={Scalable Integration of Computational Physics Simulations with Machine Learning},
  author={Boyer, Mathew and Brewer, Wesley and Jude, Dylan and Dettwiller, Ian},
  booktitle={2022 IEEE/ACM International Workshop on Artificial Intelligence and Machine Learning for Scientific Applications (AI4S)},
  pages={44--49},
  year={2022},
  organization={IEEE}
}

@article{bhushan2023assessment,
  title={Assessment of neural network augmented {Reynolds averaged Navier Stokes} turbulence model in extrapolation modes},
  author={Bhushan, Shanti and Burgreen, Greg W and Brewer, Wesley and Dettwiller, Ian D},
  journal={Physics of Fluids},
  volume={35},
  number={5},
  year={2023},
  publisher={AIP Publishing}
}

@inproceedings{brewer2021production,
  title={Production deployment of machine-learned rotorcraft surrogate models on {HPC}},
  author={Brewer, Wesley and Martinez, Daniel and Boyer, Mathew and Jude, Dylan and Wissink, Andy and Parsons, Ben and Yin, Junqi and Anantharaj, Valentine},
  booktitle={2021 IEEE/ACM Workshop on Machine Learning in High Performance Computing Environments (MLHPC)},
  pages={21--32},
  year={2021},
  organization={IEEE}
}

@inproceedings{reddi2020mlperf,
  title={{MLPerf} inference benchmark},
  author={Reddi, Vijay Janapa and Cheng, Christine and Kanter, David and Mattson, Peter and Schmuelling, Guenther and Wu, Carole-Jean and Anderson, Brian and Breughe, Maximilien and Charlebois, Mark and Chou, William and others},
  booktitle={2020 ACM/IEEE 47th Annual International Symposium on Computer Architecture (ISCA)},
  pages={446--459},
  year={2020},
  organization={IEEE}
}

@inproceedings{brewer2020inference,
  title={Inference benchmarking on {HPC} systems},
  author={Brewer, Wesley and Behm, Greg and Scheinine, Alan and Parsons, Ben and Emeneker, Wesley and Trevino, Robert P},
  booktitle={2020 IEEE High Performance Extreme Computing Conference (HPEC)},
  pages={1--9},
  year={2020},
  organization={IEEE}
}

@inproceedings{martinez2022roam,
  title={{ROAM-ML}: A reduced order aerodynamic module augmented with neural network digital surrogates},
  author={Martinez-Gonzalez, Daniel A and Jude, Dylan and Sitaraman, Jayanarayanan and Brewer, Wesley and Wissink, Andrew M},
  booktitle={AIAA SCITECH 2022 Forum},
  pages={1248},
  year={2022}
}

@article{brewer2024ai,
  title={{AI-coupled HPC} Workflow Applications, Middleware and Performance},
  author={Brewer, Wes and Gainaru, Ana and Suter, Fr{\'e}d{\'e}ric and Wang, Feiyi and Emani, Murali and Jha, Shantenu},
  journal={arXiv preprint arXiv:2406.14315},
  year={2024},
  note = {\url{https://github.com/cloudmesh/cloudmesh-ee} }
}

